<record><leader>00000cas a2200000 a 4500</leader><controlfield tag="001">17724003</controlfield><controlfield tag="008">880401d19721973iluer ne      0   a0eng c</controlfield><datafield ind1=" " ind2=" " tag="010"><subfield code="a">sn 95063009 </subfield></datafield><datafield ind1=" " ind2=" " tag="040"><subfield code="a">KFS</subfield><subfield code="b">eng</subfield><subfield code="c">KFS</subfield><subfield code="d">CNW</subfield><subfield code="d">CVF</subfield><subfield code="d">OCLCQ</subfield><subfield code="d">CUV</subfield><subfield code="d">OCLCQ</subfield><subfield code="d">OCLCF</subfield><subfield code="d">CUS</subfield></datafield><datafield ind1=" " ind2=" " tag="042"><subfield code="a">pcc</subfield></datafield><datafield ind1="1" ind2="4" tag="050"><subfield code="a">DS559.62.U6</subfield></datafield><datafield ind1="0" ind2=" " tag="130"><subfield code="a">War bulletin (Chicago, Ill.)</subfield></datafield><datafield ind1="1" ind2="0" tag="245"><subfield code="a">War bulletin.</subfield></datafield><datafield ind1="1" ind2=" " tag="246"><subfield code="i">Issue for &lt;Nov. 2/16, 1972&gt; published as:</subfield><subfield code="a">Midwest war bulletin</subfield></datafield><datafield ind1=" " ind2=" " tag="250"><subfield code="a">Midwest ed.</subfield></datafield><datafield ind1=" " ind2=" " tag="260"><subfield code="a">Chicago, Ill. :</subfield><subfield code="b">[s.n.],</subfield><subfield code="c">1972-</subfield></datafield><datafield ind1=" " ind2=" " tag="300"><subfield code="a">v. :</subfield><subfield code="b">ill. ;</subfield><subfield code="c">44 cm.</subfield></datafield><datafield ind1=" " ind2=" " tag="310"><subfield code="a">Biweekly</subfield></datafield><datafield ind1="0" ind2=" " tag="362"><subfield code="a">No. 17 (Sept. 8/21, 1972)-</subfield></datafield><datafield ind1="1" ind2=" " tag="362"><subfield code="a">Ceased in 1973.</subfield></datafield><datafield ind1=" " ind2=" " tag="580"><subfield code="a">Regional ed. of: War bulletin (Berkeley, Calif.).</subfield></datafield><datafield ind1=" " ind2=" " tag="588"><subfield code="a">Latest issue consulted: No. 22 (Feb. 1-14, 1973).</subfield></datafield><datafield ind1=" " ind2="0" tag="650"><subfield code="a">Vietnam War, 1961-1975</subfield><subfield code="x">Protest movements</subfield><subfield code="v">Newspapers.</subfield></datafield><datafield ind1="2" ind2="7" tag="611"><subfield code="a">Vietnam War (1961-1975)</subfield><subfield code="2">fast</subfield><subfield code="0">(OCoLC)fst01431664</subfield></datafield><datafield ind1=" " ind2="7" tag="650"><subfield code="a">Protest movements.</subfield><subfield code="2">fast</subfield><subfield code="0">(OCoLC)fst01079826</subfield></datafield><datafield ind1=" " ind2="7" tag="648"><subfield code="a">1961 - 1975</subfield><subfield code="2">fast</subfield></datafield><datafield ind1=" " ind2="7" tag="655"><subfield code="a">Newspapers.</subfield><subfield code="2">fast</subfield><subfield code="0">(OCoLC)fst01423814</subfield></datafield><datafield ind1="2" ind2=" " tag="710"><subfield code="a">Indochina News Project (Chicago, Ill.)</subfield></datafield><datafield ind1=" " ind2=" " tag="752"><subfield code="a">United States</subfield><subfield code="b">Illinois</subfield><subfield code="c">Cook</subfield><subfield code="d">Chicago.</subfield></datafield><datafield ind1="1" ind2=" " tag="775"><subfield code="t">War bulletin (Berkeley, Calif.)</subfield><subfield code="w">(DLC)sn 95063010</subfield><subfield code="w">(OCoLC)9681350</subfield></datafield><datafield ind1="4" ind2="1" tag="856"><subfield code="u">http://voices.revealdigital.com/cgi-bin/independentvoices?a=cl&amp;cl=CL1&amp;sp=BHHCEAAD&amp;ai=1</subfield></datafield><datafield ind1="1" ind2=" " tag="029"><subfield code="a">AU@</subfield><subfield code="b">000011501831</subfield></datafield></record>